@MANUAL{xalan,
  title={Apache Xalan},
  publisher={Apache Software Foundation},
  address={\url{"http://xalan.apache.org}},
}

@MANUAL{xerces,
  title={Apache Xerces},
  publisher={Apache Software Foundation},
  address={\url{http://xerces.apache.org}},
}

@MANUAL{icu,
  title={International Components of Unicode},
  publisher={The Unicode Consortium},
  address={\url{http://icu-project.org}},
}
